@book{nielsen2015neural,
  title={Neural networks and deep learning},
  author={Nielsen, Michael A},
  volume={25},
  year={2015},
  publisher={Determination press San Francisco, CA, USA:}
}

@article{testolin2018deep,
  title={Deep learning systems as complex networks},
  author={Testolin, Alberto and Piccolini, Michele and Suweis, Samir},
  journal={arXiv preprint arXiv:1809.10941},
  year={2018}
}